@article{einav2010estimating,
  title={Estimating welfare in insurance markets using variation in prices},
  author={Einav, Liran and Finkelstein, Amy and Cullen, Mark R},
  journal={The Quarterly Journal of Economics},
  volume={125},
  number={3},
  pages={877--921},
  year={2010},
  publisher={MIT Press}
}

@article{lin2019intertemporal,
  title={Intertemporal substitution in health care demand: Evidence from the RAND Health Insurance Experiment},
  author={Lin, Haizhen and Sacks, Daniel W},
  journal={Journal of Public Economics},
  volume={175},
  pages={29--43},
  year={2019},
  publisher={Elsevier}
}

@article{brot2017does,
  title={What does a deductible do? The impact of cost-sharing on health care prices, quantities, and spending dynamics},
  author={Brot-Goldberg, Zarek C and Chandra, Amitabh and Handel, Benjamin R and Kolstad, Jonathan T},
  journal={The Quarterly Journal of Economics},
  volume={132},
  number={3},
  pages={1261--1318},
  year={2017},
  publisher={Oxford University Press}
}

@article{einav2013selection,
  title={Selection on moral hazard in health insurance},
  author={Einav, Liran and Finkelstein, Amy and Ryan, Stephen P and Schrimpf, Paul and Cullen, Mark R},
  journal={American Economic Review},
  volume={103},
  number={1},
  pages={178--219},
  year={2013},
  publisher={American Economic Association}
}